<?xml version="1.0" encoding="UTF-8"?><record xmlns="http://www.loc.gov/MARC21/slim" xmlns:cinclude="http://apache.org/cocoon/include/1.0" xmlns:zs="http://www.loc.gov/zing/srw/">
  <leader>00439nz  a2200133n  4500</leader>
  <controlfield tag="001">no2011151711</controlfield>
  <controlfield tag="003">DLC</controlfield>
  <controlfield tag="005">20111003084642.0</controlfield>
  <controlfield tag="008">110929n| acannaabn          |n aaa     c</controlfield>
  <datafield tag="010" ind1=" " ind2=" ">
    <subfield code="a">no2011151711</subfield>
  </datafield>
  <datafield tag="035" ind1=" " ind2=" ">
    <subfield code="a">(OCoLC)oca08991713</subfield>
  </datafield>
  <datafield tag="040" ind1=" " ind2=" ">
    <subfield code="a">FTaSU</subfield>
    <subfield code="b">eng</subfield>
    <subfield code="c">FTaSU</subfield>
  </datafield>
  <datafield tag="100" ind1="1" ind2=" ">
    <subfield code="a">Berbesque, Julia Colette</subfield>
  </datafield>
  <datafield tag="670" ind1=" " ind2=" ">
    <subfield code="a">Sex differences in food preferences, eating frequency, and dental attrition of the Hadza, 2010, c2009:</subfield>
    <subfield code="b">t.p. (Julia Colette Berbesque)</subfield>
  </datafield>
</record>